2332 4218
336 275 473 360 Physicre
495 273 649 340 Generalis
809 302 867 356 ιι]

95 375 226 438 uocant,
256 377 322 434 quae
345 356 463 436 frillio,
493 379 559 422 cum
580 359 692 420 oriatur
720 377 756 420 cx
777 356 904 436 ingressu

95 441 283 521 singulorum,
301 435 336 500 &
358 437 601 512 cusnidumunius
622 439 749 516 corporis
769 439 797 502 io
820 455 903 515 poros

97 519 233 596 alterius,
257 519 346 594 major
367 533 420 606 est·
435 537 484 611 pro
501 519 605 596 majori
626 517 739 591 mobilis
759 521 905 596 grauitate

95 601 126 664 in
151 600 288 675 plantum,
310 615 465 670 promaJon
485 597 735 675 ejusvelocitate,
760 602 831 662 item
853 618 903 676 pro

92 681 193 756 majori
213 677 275 751 ejus
284 673 450 753 superficie,
471 670 504 736 &
518 677 687 762 asperitate:
710 700 748 741 eu
760 682 801 741 his
824 679 901 741 enim

90 774 216 834 quatuor
236 754 341 814 caussis
362 754 453 813 oritur
475 755 669 832 prolundior,
701 778 735 820 ac
755 759 899 834 copiosior

88 831 265 910 cuspidum,
294 829 326 892 ἃ
347 829 513 904 angulorum
537 833 567 892 iu
588 837 732 902 cavitates
752 837 899 897 intromis-

88 916 149 980 sio.
182 913 267 972 Nunc
289 907 462 983 intelliges,
491 929 543 970 cur
564 907 707 972 sollo-filo
744 911 901 977 descendat

91 1009 196 1063 corpus
217 1004 303 1048 antea
323 988 502 1060 quiescens:
531 989 642 1061 rapitur
669 988 746 1049 enim
767 989 899 1054 deorsum

40 1085 42 1089 ’
91 1065 337 1142 agravitatisvi.
360 1066 785 1141 Curcorpusmotumtandem
807 1069 904 1141 quies·
964 1097 967 1105 =

28 3157 30 3186 Ι

29 3255 31 3288 l

29 3343 32 3388 v

29 3417 35 3478 l
348 3465 354 3476 .
852 3463 858 3476 .
882 3463 889 3476 .

30 3485 33 3516 ’τ
82 3481 193 3540 eorpus
212 3462 277 3525 leve
298 3482 436 3528 emissum
458 3466 486 3528 in
513 3485 605 3526 uacuo
627 3481 798 3540 quacunque
819 3482 910 3524 mrnr·

32 3547 33 3572 ³
82 3561 138 3608 ma
160 3543 189 3610 vi
192 3591 208 3624 ,
230 3560 395 3615 moveretur
417 3545 447 3608 in
468 3542 635 3623 infinitum,
654 3542 730 3622 quod
751 3540 905 3608 absurdum

89 1163 142 1212 cat
182 1146 243 1222 ejus
265 1165 366 1220 nempe
387 1145 518 1220 impetus
547 1141 616 1207 &a
637 1147 802 1222 gravitate,
833 1143 902 1212 &a
940 1161 944 1168 '

24 1223 25 1226 ’
91 1193 179 1288 meclii
199 1225 383 1303 resistentia,
404 1223 436 1286 ἅ
457 1245 474 1285 a
496 1222 571 1299 plani
593 1221 737 1304 frillione,
770 1227 793 1288 si
817 1245 903 1300 supra

89 1303 206 1384 planum
229 1323 400 1381 moveatur„
430 1305 536 1366 sensim
557 1305 755 1381 extinguitur.
785 1309 910 1371 Carissa

88 1386 180 1450 etiam
201 1380 701 1460 accelerationis‚‘&retardationis
723 1403 838 1460 motus,
861 1387 903 1464 ej-

90 1484 182 1542 usque
198 1463 354 1540 'parabolici
364 1461 518 1530 descensus
538 1467 783 1544 estagrnvitate,
805 1483 838 1528 ut
861 1463 905 1528 in-

87 1541 136 1609 fra
157 1541 418 1606 demonstrabituts
812 1607 814 1612 ,

133 1646 198 1700 320·
219 1625 363 1686 instabis:
381 1622 516 1687 seuofilo
537 1647 639 1702 cornus
659 1647 826 1703 suspensum
847 1623 901 1690 du-

84 1703 196 1784 :p'licem
217 1705 303 1766 hebet
319 1704 495 1766 contrariam
508 1705 581 1780 vim,²
602 1727 689 1768 unam
710 1707 843 1786 inertiae,
867 1731 903 1772 ne

82 1802 261 1860 moveatur,
280 1783 403 1845 alteram
409 1784 588 1858 gravitatis,
609 1786 772 1860 quaeipsum
795 1789 902 1850 sollici-

86 1880 135 1926 ωε
160 1861 195 1922 ad
215 1879 344 1924 motum:
364 1857 413 1922 seri
437 1865 481 1922 hae
497 1860 568 1924 duae
592 1865 666 1926 vires
687 1881 757 1926 sunt
778 1865 903 1940 aequales

80 1963 157 2006 cum
178 1941 485 2016 sequunturrationem
506 1963 626 2021 massae,
648 1963 716 2020 ergo
737 1944 835 2006 nullus
857 1966 901 2008 se-

84 2022 140 2102 qui
161 2019 279 2084 deberet
300 2038 415 2099 motus.
519 2026 526 2034 ’

132 2125 198 2176 321.
224 2104 263 2164 R.
273 2100 651 2168 Gravitatemcoosiderarii
661 2101 846 2181 posseueluti
856 2125 906 2169 ex·

85 2197 210 2247 ternam
231 2183 414 2260 potentiam,
437 2205 611 2260 quaecorpus
623 2183 754 2246 deorsum
763 2187 905 2250 continuo

90 2278 194 2338 urget,
215 2281 249 2324 ac
270 2261 387 2336 singolis
398 2265 553 2326 momentis
576 2265 701 2328 initiales
725 2264 901 2329 velocitates

89 2343 142 2422 ipsi
163 2341 358 2404 communicat
380 2341 427 2418 (n.
450 2355 504 2420 287
517 2339 551 2420 i,
570 2365 637 2420 quae
652 2343 776 2408 initiales
798 2345 905 2408 veloci·
985 2371 988 2380 ·

89 2440 168 2486 tates
187 2419 224 2484 ab
246 2420 409 2497 obstaculi,
429 2425 522 2499 sive,'
536 2424 745 2499 inhypnthesi,
769 2421 840 2486 afili
861 2435 905 2488 r‘e·

87 2503 227 2565 sistentia
247 2502 434 2564 continenter
453 2501 628 2564 eliduntur.
657 2504 744 2562 Porro
775 2503 829 2564 nisi
850 2503 904 2566 eli·

89 2579 228 2646 derentur
246 2630 255 2660 ,
276 2599 525 2645 conservarentur
555 2580 591 2644 ab
616 2580 722 2642 inertia
745 2583 870 2656 corporis
891 2619 902 2654 ,

89 2677 208 2725 tantum
228 2663 310 2728 abest
334 2663 410 2724 utab
430 2661 490 2737 ipsa
504 2663 608 2724 inertia
629 2659 740 2724 destrui
762 2658 898 2739 debeant,

88 2757 220 2820 quaeest
243 2739 466 2804 fundamentum
499 2740 771 2805 communicationis
801 2757 902 2804 motus

94 2824 125 2884 in
147 2823 329 2905 corporibus,
357 2843 426 2886 sum
447 2843 482 2885 er
511 2820 654 2886 reallione
686 2821 729 2882 vis
765 2820 903 2898 inertiae,

91 2919 231 2978 quantam
245 2920 340 2965 motus
351 2903 547 2977 quantitatem
558 2901 780 2980 recipiccorpus,
792 2917 908 2966 tantam

90 2981 231 3058 reagendo
256 2983 286 3044 in
308 2981 475 3056 impellente
496 2986 637 3060 perimat.
663 2983 755 3058 Igitur
777 2978 853 3045 sellu
875 2979 908 3046 fi·

91 3060 122 3123 lo
145 3060 270 3126 initiales
294 3062 467 3126 velocitates
489 3060 678 3137 nonamplius
698 3059 849 3126 eliduntur
869 3061 906 3125 als

28 3147 29 3196 1
90 3141 259 3221 obstaculo,
281 3141 330 3205 sed
353 3145 381 3204 in
401 3165 504 3218 corpus
527 3141 696 3217 translatae,
718 3139 752 3205 ἃ
774 3141 810 3204 ab
831 3141 907 3206 iner-

29 3293 30 3306 χ
85 3221 135 3284 tia
157 3241 340 3286 conservate
360 3224 452 3299 ipsum
475 3225 591 3300 rapiunt
612 3219 764 3284 deorsum.

134 3324 196 3377 322.
237 3306 306 3366 lost.
336 3303 363 3364 si
391 3324 492 3379 corpus
520 3301 677 3382 proieclum
706 3303 742 3366 ab
774 3299 905 3366 extemis

29 3391 31 3408 *
84 3390 197 3444 caussis
220 3381 466 3446 tantummodoad
487 3387 619 3461 quictem
641 3380 822 3460 adigeretur,
845 3382 905 3459 jem

737 3663 744 3674 ·
823 3637 869 3686 est
