2310 4290
272 303 277 315 ’
344 283 478 368 Pbysitn'
497 280 649 350 Generalis
812 285 868 358 '245

104 365 217 432 emetis
226 363 358 443 paribus,
379 367 585 444 enierduplum
604 360 746 440 fluidum,
767 382 824 438 quo
834 381 907 426 tem·

108 469 175 526 pore
194 445 271 510 aliud
292 447 476 523 aequalevas
496 443 906 520 moturetardatoaepletus.

114 609 355 670 PROPOSlTlO
375 610 414 672 ll.
445 609 471 668 Ε
498 605 611 672 duobus
641 601 718 666 tubis
743 615 909 666 constanter

141 686 255 762 plenis,
276 683 449 747 habentibus
468 688 612 764 equalem
631 682 834 762 altitudinem,
865 682 907 753 da·

141 764 272 845 aequaelio
293 765 405 826 lumt‘nn
450 765 569 827 exibunt
588 765 710 842 petibus
730 763 911 840 temporibus

141 843 270 926 aequales
283 841 384 926 fluidi¹
396 847 598 924 quantitates.
614 861 616 868 ’

141 1001 297 1066 Probatus.
319 1005 395 1067 Nam
415 1000 707 1078 celeritasutrobique
726 1002 844 1080 aequalis
864 1015 912 1063 est

103 1105 169 1147 cum
193 1082 365 1147 altitudines
384 1099 581 1158 supponantur
601 1082 725 1159 aequales
748 1088 760 1160 l
782 1105 809 1144 n.
831 1079 909 1157 738)

104 1166 176 1228 item
198 1164 345 1241 portiones
367 1159 452 1225 fluidi
463 1163 581 1238 singulis
604 1165 780 1240 temporibus
801 1180 914 1224 exeun:

106 1263 150 1308 tes
172 1243 302 1320 aequal-es
330 1261 426 1316 suat,
456 1265 523 1306 cum
544 1242 652 1305 lumino
683 1245 741 1306 sint
768 1241 910 1318 aqualia,

104 1345 173 1400 ergo
194 1322 395 1400 aeqaleserunt
417 1325 597 1400 quantitates
608 1319 690 1386 fluidi
702 1324 812 1400 paribus
835 1339 912 1384 tems

107 1403 221 1483 poribus
241 1421 402 1479 exeuntes,

82 1497 86 1504 ·
147 1506 214 1559 743·
232 1481 340 1546 Coroll.
353 1487 374 1544 Ι.
395 1483 450 1547 Ubi
471 1482 579 1546 lumina
601 1479 711 1546 fuerint
733 1482 909 1560 inaequalia,

105 1561 275 1626 altitudines
295 1580 397 1624 autem
425 1563 552 1639 aequales
575 1564 603 1624 in
633 1565 708 1625 vasis
735 1579 912 1626 constanter,

105 1643 213 1720 plenis,
236 1641 378 1716 liquorum
395 1644 576 1717 quantitates
595 1659 736 1706 exeuntes
759 1644 815 1716 pari
839 1659 914 1704 tern-

105 1737 280 1799 putuerunt
302 1739 335 1782 ut
367 1723 428 1796 ipsa
448 1721 581 1784 lumina.
610 1725 689 1783 Nam
716 1725 738 1783 si
769 1722 912 1795 suscipis·
948 1754 952 1761 ·

103 1823 169 1864 nius
190 1802 281 1876 majus
304 1799 403 1864 ltrmen
422 1800 452 1862 in
472 1817 519 1863 tut
539 1803 641 1880 exigua
661 1799 772 1864 lumina
791 1800 915 1876 aequalia

105 1881 208 1943 minori
229 1880 331 1957 lumini
352 1879 472 1943 alterius
485 1881 558 1942 vasis
579 1879 720 1957 divisum,
740 1882 840 1943 exient
863 1897 913 1955 per

106 1957 217 2035 singula
238 1961 297 2034 pari
320 1979 453 2035 temporo
479 1955 563 2022 fluidi
588 1963 768 2036 quantitates
789 1957 914 2037 aquales

107 2037 201 2104 fluido
221 2041 342 2104 exeunti
363 2059 412 2117 per
441 2041 537 2102 mitius
565 2039 661 2103 lume'n
692 2039 810 2102 alterius
839 2039 920 2103 uasis

106 2123 203 2196 (num.
229 2121 327 2196 742),
359 2141 426 2195 ergo
449 2119 630 2197 quantitates
650 2117 733 2182 fluidi
761 2121 818 2197 pati
840 2136 915 2182 tem·

105 2202 212 2262 donee
243 2201 343 2277 majori
374 2199 485 2263 lumine
509 2218 649 2262 exeuntes
675 2200 758 2262 sim-ul
788 2215 914 2276 sumpta.

98 2298 191 2348 ¹arum
214 2275 248 2340 ad
271 2281 471 2356 quantitatem
491 2276 687 2356 profluentem
707 2302 731 2348 e¹
745 2279 917 2342 luminem-

4 2370 7 2375 '
105 2359 199 2454 tetius
223 2361 315 2436 uasis,
348 2377 382 2421 ut
404 2377 504 2422 totum
523 2357 624 2422 lumen
645 2362 740 2438 majus
759 2359 795 2422 ad
816 2359 915 2422 lumen

104 2455 221 2500 minus.
647 2491 649 2496 .
865 2453 867 2464 ’

147 2539 216 2589 744·
235 2514 344 2578 Coroll.
365 2519 403 2576 Π.
424 2519 457 2577 ln
478 2515 554 2578 vasis
577 2517 707 2594 ejusdem
727 2517 910 2594 altitudinis,

76 2609 79 2616 '
104 2593 139 2658 tlt
167 2593 363 2672 amplitudinis
384 2595 589 2674 depletionum.
616 2615 745 2672 tempora
774 2616 843 2662 suist
874 2600 917 2660 in-

104 2696 187 2738 verse
210 2691 243 2737 ut
264 2672 422 2739 foramina.
444 2679 519 2740 Nam
529 2675 654 2752 liquores·
667 2673 827 2742 effluenroe
844 2691 924 2746 sunt·

103 2751 208 2818 dirello
230 2772 264 2817 ut
286 2752 426 2820 foramina
448 2757 547 2833 (nunno.
570 2781 628 2832 744
647 2755 659 2830 )
675 2776 692 2814 ¹:
716 2775 784 2821 sunt
813 2774 917 2820 autem

34 2859 37 2862 ·
104 2837 135 2899 in
156 2837 234 2898 hisce
254 2837 336 2899 vasis·
354 2858 434 2914 pares
456 2833 539 2899 fluidi
559 2839 757 2917 quantitates,
779 2839 911 2912 ergoti-
989 2874 1000 2884 -

15 2966 17 2971 .
50 2979 64 2998 f
104 2917 165 2980 tius
189 2915 401 2994 replebuntur,
429 2938 495 2994 quae
515 2919 607 2995 majus
626 2915 760 2982 'foramen
791 2920 922 2999 habeut,¹

103 3017 172 3072 ergo
193 2998 532 3074 temporadeplqtionum
553 3014 639 3060 erunt
661 2999 795 3076 inverse,
816 3018 849 3061 ut
871 2993 916 3060 fu-

102 3079 231 3140 rumina.
260 3080 288 3151 Si
310 3099 376 3140 vero
398 3076 599 3153 amplitudines
621 3073 718 3140 forent
741 3077 916 3156 inaequales,

102 3175 198 3220 essent
220 3155 420 3242 depletionutn
449 3157 629 3238 temporain
660 3159 773 3230 tatione
793 3177 911 3233 compu-

105 3237 164 3299 sita
185 3255 221 3297 en
243 3237 347 3306 diretta
368 3238 496 3316 basium⁰
522 3235 554 3300 bt
576 3238 687 3300 inversa
709 3236 915 3300 foraminum:

100 3320 185 3394 cujus
208 3317 249 3378 rei
270 3315 483 3383 demonstratio
510 3317 611 3380 similis
632 3337 678 3382 eat
701 3317 878 3395 praescienti
901 3318 915 3395 (

104 3417 187 3460 num.
203 3397 301 3472 usal·

149 3501 185 3552 74
192 3500 218 3552 ς.
238 3476 433 3542 corollarium
443 3481 496 3539 HL
516 3479 544 3540 si
554 3495 621 3539 vasa
642 3477 795 3540 habuerint
817 3497 916 3552 aequa·

107 3554 147 3634 lia
166 3556 292 3637 lumina,
313 3553 780 3706 inaequd,esmtemlqltitudims,
801 3579 834 3622 ac
852 3553 916 3624 fue·

590 3647 602 3666 ‘
643 3657 657 3710 3
824 3640 884 3702 rint
