2332 4218
306 371 375 416 Μ·
591 340 758 419 vEleusinem

269 465 521 537 PROPOSITIO.
541 463 723 544 Principium
745 461 953 526 continuiisnis
961 455 1081 545 ffgpnf,
1161 471 1162 476 ,

345 543 417 628 ‘illd
429 561 491 630 pro
512 543 773 610 universalissima
795 559 910 608 nature
930 541 1028 624 lege„

309 687 375 742 305.
397 663 557 731 Probatur.
579 664 678 730 Plures
699 665 830 728 novimus
852 662 884 726 in
902 677 1087 726 naturamn-

263 747 396 811 tetiones
410 772 412 780 ’
425 744 480 826 legi
507 745 713 810 continuitatis
733 745 911 807 contrarias.
930 739 1083 815 sampsi.-
1161 748 1163 810 l

270 847 318 889 mo
335 825 504 889 Geometria
528 826 622 900 plures
645 827 726 890 nobis
747 825 989 897 exhibetcurvas,
1010 837 1081 894 quae
1161 813 1163 886 i

268 923 457 982 posteaquam
467 903 622 969 adeersum
633 903 957 982 pundlumdeuenerint
969 949 977 978 ‚
998 917 1080 962 retro

213 987 218 994 ’
270 1005 387 1050 cussum
407 983 551 1060 fleuunt,
570 986 600 1048 in
621 981 963 1061 q-uoregressuspundlo‚
984 997 1086 1054 u-tpo·
1157 981 1163 1068 l

270 1083 303 1128 te
324 1086 373 1142 per
395 1064 904 1142 Leibnitianosprorsusindivisilsilis
925 1065 965 1138 (ru
990 1059 1089 1133 1.uo)‚.
1119 1075 1163 1140 ι«ῑ

273 1141 380 1208 frustra
412 1145 579 1208 Adversarii
609 1145 721 1222 fingunt
752 1145 858 1207 nodum
879 1143 935 1205 fieri
965 1138 1083 1224 infinite

273 1246 413 1304 parvum,
438 1246 524 1300 quern
547 1225 706 1288 describens
729 1223 806 1286 linea
826 1224 860 1282 ab
882 1213 1086 1282 unadirediso·⁴

275 1327 311 1369 ue
344 1303 380 1367 ud
407 1305 570 1381 oppositam
592 1304 752 1367 successive
782 1312 924 1362 transeat.
963 1295 1086 1354 Rursus

275 1389 344 1462 (ex
367 1401 449 1459 prop.
478 1397 512 1446 16
535 1381 600 1444 libr.
626 1405 638 1454 3
663 1376 809 1450 Euclid.)
828 1390 939 1437 certum
961 1370 1083 1434 estdari

278 1465 434 1527 transitum
456 1483 472 1522 a
494 1461 596 1520 minori
616 1459 650 1521 ad
672 1459 783 1532 majus,
815 1474 872 1514 non
900 1468 998 1514 tamen
1029 1471 1081 1526 per

276 1539 409 1616 aequale:
432 1541 497 1602 sive·
514 1537 574 1598 dari
594 1536 747 1616 angulum,
768 1535 817 1612 qui
839 1532 932 1596 minor
961 1529 1084 1608 evadit*

279 1619 312 1682 dc
335 1619 426 1694 major
446 1616 503 1677 alio
513 1635 528 1693 ,ζ
547 1636 639 1694 neque
661 1635 782 1693 tamen,
803 1617 832 1678 in
854 1613 977 1676 transitu
1001 1611 1081 1674 amia

284 1698 344 1758 nori
374 1694 409 1757 ad
438 1698 578 1771 majorem·
603 1693 663 1756 lieri
694 1711 792 1770 potest
821 1693 913 1756 eidem
943 1691 1079 1768 aequalist'

284 1795 388 1848 nempe
407 1775 430 1838 si
451 1773 526 1836 retia
549 1777 599 1836 AB
619 1770 682 1858 (fig.
709 1774 756 1850 r),
782 1773 920 1839 immobili
939 1789 1085 1834 manente·

281 1854 453 1934 modion,
476 1854 636 1922 successive
659 1873 811 1918 moveatur
832 1873 934 1918 versus
961 1868 1085 1928 tangen-

280 1955 344 2002 tem
365 1939 437 2011 Ac,
459 1931 598 1998 describet
618 1953 719 2000 acutos
729 1936 846 2013 angulos
868 1939 960 2009 BAP,
981 1935 1086 2015 3an

281 2017 407 2091 aliosque
428 2033 526 2075 omnes
547 2015 712 2094 possibiles,
733 2021 781 2093 qui
804 2018 872 2078 licet
889 2033 999 2088 semper
1021 2031 1081 2072 ma-

281 2099 353 2174 jores
383 2093 470 2171 liant,
498 2111 584 2156 erunt
607 2112 704 2160 temen
727 2118 836 2174 semper
858 2095 982 2156 minores
997 2092 1083 2154 semi-

278 2173 380 2240 circuli
401 2171 508 2258 angulo
526 2177 627 2254 unm„
648 2193 751 2253 utpote
773 2181 835 2256 ejus
857 2190 968 2250 partes3
996 2190 1081 2244 quarn

286 2255 409 2330 primum
431 2273 500 2316 vero
521 2252 595 2318 recia
616 2259 667 2318 AB
688 2274 826 2333 congruet
849 2251 986 2328 tangenti
1007 2253 1089 2326 Ac„

281 2334 449 2396 constituet
471 2331 581 2398 retium
600 2338 736 2414 anguium
747 2341 829 2400 CAR
848 2338 861 2411 (
879 2338 982 2396 Geum.
1004 2348 1087 2396 num·

184 2431 187 2444 ’
287 2438 338 2484 141
365 2412 397 2489 ),
418 2415 467 2494 qui
488 2419 579 2493 major
599 2436 648 2482 est
668 2417 840 2482 semicirculi
863 2411 969 2490 angulo
989 2415 1089 2488 BAO„

284 2513 352 2569 ergo
385 2495 508 2558 habetur
539 2499 681 2562 transitus
707 2519 728 2562 a
754 2499 859 2562 minori
888 2491 1085 2572 magnitudine

282 2575 319 2640 nd
349 2577 504 2654 majorem,
534 2579 607 2654 quin
635 2598 736 2643 onmes
765 2592 969 2657 percurrantur
997 2575 1085 2632 inter-

285 2654 370 2719 rnedii
392 2656 507 2732 gradus:
528 2680 595 2721 narn
616 2661 694 2724 inter
716 2677 900 2734 utrumquem
924 2669 1088 2716 extremum

284 2737 345 2802 dari
367 2736 454 2802 debet
473 2736 760 2813 gradusaequalitatis
781 2759 847 2800 cum
867 2734 957 2798 altera
980 2731 1085 2803 magni-

287 2817 407 2895 tudine,
429 2821 512 2894 cujus
534 2838 591 2876 una
609 2819 647 2877 sir
670 2819 775 2892 major:
799 2834 891 2890 neque
912 2828 1009 2874 tamen
1038 2809 1083 2872 hic

287 2897 389 2974 gradus
418 2897 453 2958 ab
478 2895 584 2968 angulo
612 2898 684 2956 BAP
712 2895 901 2957 continenter
939 2907 1087 2954 crescente

291 2974 488 3051 percurritur.
504 2977 574 3036 Non
588 2972 673 3034 ,valet
683 2994 748 3040 cum
759 2970 1085 3046 Boschovicl'riorespon-

288 3057 373 3129 dere,
393 3050 511 3128 angulos
531 3052 704 3118 semicirculi
728 3072 792 3116 esse
814 3050 1007 3127 mixtiiioeos‚
1038 3073 1085 3114 en·

290 3133 389 3210 guium
419 3152 487 3194 vero
517 3129 666 3196 contadlus
695 3153 757 3197 esse
778 3130 975 3205 rediilineunm
1006 3130 1100 3194 adeo-v

287 3237 366 3292 que,
395 3232 463 3275 cum
483 3213 541 3274 sint
563 3211 684 3278 diversae
711 3214 834 3290 speciei,
863 3211 1090 3276 continuitatem

193 3313 200 3322 '
290 3315 404 3363 servare
426 3314 484 3355 non
507 3289 627 3356 debere.
646 3299 724 3358 Cum
746 3295 942 3357 enim'curva
975 3293 1013 3356 sit
1041 3313 1087 3368 po-

290 3378 426 3452 iygonum
449 3393 486 3436 ex
507 3371 627 3438 infinitis
659 3373 742 3438 redlis
769 3373 917 3438 laterculis
950 3373 1089 3448 composi·

294 3475 384 3527 rum,
404 3457 464 3530 ipso
486 3447 602 3518 fatente
622 3455 827 3531 Boscovichio,
848 3450 975 3533 proludio
995 3450 1089 3528 anguli

296 3531 472 3602 semicirculi
493 3552 613 3610 possunt
635 3552 686 3612 pro
708 3532 861 3598 rellilineis
882 3535 997 3612 iuben,
1018 3531 1088 3608 ejus-

292 3613 362 3682 dem
386 3611 490 3696 speciei
510 3634 576 3680 cum
598 3614 704 3694 angulo
728 3615 907 3696 conradusj
930 3617 995 3709 hinc
1017 3615 1089 3678 inter

982 3712 1053 3760 iSiOS
