2332 4218
320 219 452 302 Pbyst'sae
468 221 640 288 Stimulis.
786 235 842 298 165

49 371 50 375 ,
81 301 370 383 supponiturmtssn,
389 323 456 381 ergo
477 305 535 368 erit
556 305 633 368 idem
641 299 792 379 utriusque
812 301 897 374 idus,

81 405 130 452 stu
149 385 192 446 uis
208 404 218 462 :¹
245 385 328 458 etqui
348 387 402 448 hoc
430 379 560 448 falsum:
587 405 672 449 nemo
695 383 775 448 enim
794 401 885 446 aureo

81 464 192 542 potius,
212 483 301 539 quam
321 463 794 542 aqueodeciduovnluminlcaput
818 483 885 542 sup·

88 559 224 622 poneret,
244 562 312 618 ergo
332 541 392 605 dte.

116 646 184 702 472·
205 625 246 684 R
269 623 302 682 In
319 619 456 697 hypotesl
481 623 620 700 majorem
641 620 776 694 futurum
796 623 886 696 istum

77 699 114 777 ab
132 721 221 776 auro,
242 719 328 776 quem
349 700 384 762 ab
404 720 496 774 aqua,
518 703 584 776 quia
606 705 668 766 nuri
690 705 812 770 materia
836 722 883 768 ut·

78 779 262 860 potedensa,
284 775 316 842 dr
336 777 482 854 compedis
491 797 592 842 contra
613 803 719 858 pauens
737 784 882 861 suppositi

77 861 170 926 obices
191 875 286 934 partes
306 872 372 920 tnta
393 874 517 931 ageret:
546 854 638 922 fluida
667 876 767 922 autem
787 884 883 926 massa

77 939 282 1012 dispergeretur
302 932 429 1000 cadeudo
451 935 480 996 in
500 932 593 1010 plures
612 953 759 1012 separatus
777 957 880 1016 guttas
940 937 943 942 ’

79 1035 112 1080 at
133 1017 161 1078 in
182 1013 293 1078 diversa
314 1035 402 1092 agens
421 1012 587 1078 debiliorem
606 1031 755 1079 exerceret
777 1021 857 1082 vim.

76 1153 390 1243 PHAENOMENON
414 1175 454 1239 11.
473 1177 606 1251 Corpora
634 1169 749 1238 diversi
772 1173 889 1256 generis

75 1269 129 1334 per
147 1249 227 1337 idem
249 1253 379 1320 medium
401 1257 543 1316 resistens
561 1255 594 1316 ui
620 1253 784 1338 gravitatis
810 1253 889 1318 deri·

190 1331 293 1398 dentis
307 1327 449 1416 struatur
468 1331 589 1400 diversa
609 1335 781 1400 sentinus.
895 1338 899 1356 ‘

115 1517 185 1572 ⁴74·
204 1491 399 1573 Natnpritnn,
419 1493 443 1556 si
462 1491 521 1558 duo
537 1487 659 1574 cnrpdra
681 1493 811 1574 eiusdem
832 1516 884 1560 vo·

75 1570 222 1650 luminis,
252 1573 302 1637 sed
321 1571 444 1638 divetsae
464 1576 621 1640 densitatis
638 1597 673 1638 ex
694 1575 796 1640 eadem
817 1575 888 1638 alti·

74 1651 177 1718 tudine
196 1646 503 1730 demittantur,.ill.ud
524 1654 788 1733 citiusdescendit,
809 1652 887 1732 quod

71 1730 191 1818 densius
211 1749 277 1810 est,
299 1729 449 1794 illudvetn
466 1733 597 1811 tardius,
618 1733 697 1808 quod
718 1735 825 1796 tarius.
848 1731 882 1794 Id

72 1812 194 1889 probant
217 1811 417 1892 experimenta
437 1811 579 1876 incelebri
600 1811 778 1876 Loudinensi
799 1815 889 1876 Tem·

67 1889 124 1969 plo
146 1893 186 1954 D.
207 1889 288 1954 Pauli
309 1910 326 1952 a
351 1883 463 1974 Jonnne
487 1890 600 1956 Tentilo
621 1891 815 1969 Desaguletio
837 1895 898 1968 hug

73 1971 254 2036 bitacoram
275 1974 452 2050 Netvtonn,
482 1971 897 2052 Hallejo,Jurin,1aliisque'

71 2046 223 2130 pluribus:
255 2072 359 2128 nempe
385 2072 422 2115 ex
441 2049 599 2118 altitudine
628 2051 732 2128 pedum
763 2049 896 2130 anglica-⁸

71 2153 177 2196 nurum
201 2155 258 2208 272
280 2131 379 2194 suillas
400 2133 510 2198 vesicas
531 2153 597 2196 nere
618 2133 736 2209 plenas,
757 2129 791 2194 dt
811 2132 888 2194 alios

69 2213 166 2276 varios
187 2211 285 2290 globos
306 2211 423 2276 demisit
443 2211 574 2294 ejusdem
593 2208 746 2289 dlametri,
768 2209 819 2274 sed
839 2211 884 2274 di·

70 2293 148 2355 versi
172 2311 271 2354 tamen
301 2291 462 2370 ponderis,
491 2294 715 2368 observavitque
745 2291 884 2386 pnpdero-

72 2373 164 2441 siores
181 2373 275 2434 eitius
303 2372 504 2446 pavimentum
529 2370 686 2444 attigisse.
717 2369 798 2432 ldem·
818 2386 889 2433 ante

71 2449 299 2525 Desaguletium
313 2447 482 2528 Riccielus,
508 2445 542 2514 dt
563 2448 708 2512 Dechnles
729 2447 889 2523 deprehen-

70 2529 197 2606 derant‚
220 2544 255 2590 ut
276 2545 427 2606 propterea
450 2531 503 2592 hoc
525 2529 893 2605 phaenomennncertissi-

69 2631 155 2675 mum
177 2608 302 2688 physicis
323 2607 456 2674 omnibus
475 2609 533 2684 sit,
554 2627 570 2670 a
590 2607 696 2683 quibus
718 2605 812 2670 veluti
833 2606 894 2666 nri-

45 2705 46 2708 ’
70 2713 127 2755 nus
147 2689 249 2754 exsdle
270 2688 410 2752 instituta
429 2689 603 2768 rejiciuntur
640 2687 802 2752 tentamina
850 2687 892 2748 D.

70 2770 226 2847 frenicle,
246 2769 315 2847 qui,
338 2765 484 2834 referente
504 2767 701 2846 urbanella,
721 2766 888 2832 observavit

70 2851 259 2930 plumbeum,
282 2849 468 2928 ligneumque
488 2847 586 2928 globos
607 2846 736 2927 ejusdem
755 2845 893 2911 diametri

69 2946 107 2996 e¹
127 2929 293 3010 altitudine
314 2929 420 3008 pedum
451 2957 504 3007 ¹⁴7
528 2930 667 2994 demissos
690 2927 793 2994 codun
815 2941 893 2990 tem·

68 3033 141 3090 pure
161 3007 322 3090 subiellum
343 3011 437 3074 sulum
457 3011 648 3087 percussisse.

111 3119 185 3172 475.
208 3091 341 3156 Secundo
370 3113 491 3168 corpora
511 3090 642 3168 ejusdem
664 3087 816 3167 ponderis,
841 3086 892 3154 sed

67 3171 180 3237 diversi
203 3169 361 3236 voluminis
391 3191 428 3236 ex
450 3169 552 3236 eedem
582 3169 741 3234 altitudine
768 3170 895 3236 demissa
973 3217 977 3224 .

70 3251 217 3333 irraequnli
237 3247 377 3317 feruntur
395 3251 579 3318 celeritate:
610 3249 680 3315 illud
702 3271 804 3328 nempe
836 3266 898 3312 tat·

68 3330 161 3414 dius,
182 3331 262 3412 quud
283 3335 376 3414 majus
400 3333 536 3398 volumen
560 3333 676 3412 habet,
705 3332 796 3394 citius
827 3349 896 3396 veto

67 3415 291 3492 quodminus.
326 3414 358 3476 ld
379 3423 493 3478 certum
515 3412 686 3489 quotidiana
708 3411 916 3492 experientis,

67 3514 137 3577 est:
158 3493 341 3584 citipsenim
360 3515 413 3586 per
432 3491 671 3573 neretudelertut
695 3493 898 3634 luminaufius

428 3580 434 3590 .
539 3580 542 3588 .
586 3599 590 3608 Ι
632 3585 671 3597 ,,
734 3577 755 3608 1,
790 3588 852 3650 pt-
