2332 4218
327 222 462 305 Phyricae
482 223 655 292 Generalis.
798 243 856 299 ¹75
881 270 886 284 .

90 303 236 376 dividatur
256 305 285 371 in
305 308 442 373 minimas
463 307 590 386 aequales
609 319 705 385 parter
727 305 797 381 AB,
825 304 899 380 BD,
997 379 1000 387 k
1021 317 1023 324 ’

91 395 172 472 DH,
202 391 284 452 HG.
313 386 361 452 Ad
390 388 480 452 linem
501 391 563 452 AG
584 385 734 451 ordinetur
762 380 914 446 normalis

89 476 138 538 BC
158 470 318 545 exprimens
339 467 529 534 vdocitatem
558 470 663 544 exigno
694 481 825 540 tempore
849 463 901 526 AB

92 574 109 616 a
128 547 227 614 mobili
255 550 447 627 acquisitam,
474 548 683 630 tonjunllaque
704 549 761 608 AC
781 545 817 610 ad
837 559 903 620 par·

91 652 136 696 tes
159 633 199 693 El
221 627 372 692 indefinite
393 623 526 706 producta
546 628 696 692 ordinetur
717 629 794 705 DE,
823 627 904 701 HL,
959 633 980 652 ‘'
1088 671 1093 680 .
1127 655 1130 664 ,

92 713 157 790 Gl,
179 706 648 785 redemittanturnormslesCF,
667 709 744 783 ER,
767 710 904 784 LS,ma·
972 719 976 726 ’

93 785 289 854 niiestumest
304 786 366 851 fore
376 791 453 853 DA:
477 791 546 851 AB:
565 807 573 847 t
589 793 658 852 DE:
682 790 751 862 BC,
772 785 805 850 &
826 787 905 848 HL:

94 873 169 939 DE:
190 871 271 930 HA:
292 872 373 948 DA,
400 867 499 942 sicque
520 865 556 932 de
576 867 709 943 certeris,
729 865 837 930 adeone
859 885 905 928 ra·

92 951 135 1013 tio
155 947 352 1011 ordinatarum
372 947 492 1024 aequans
512 947 678 1010 sit·=³rationi
699 944 907 1027 abscissam,

98 1028 135 1091 ob
155 1027 363 1104 triangulorum
384 1026 603 1093 similitudinem
624 1029 786 1101 (Grunnn,
805 1022 905 1096 218),·

46 1117 48 1124 ’
94 1105 143 1170 sed
163 1107 295 1172 abscissa
314 1129 350 1172 ex
379 1110 530 1184 hypothesi
557 1108 724 1184 exprimunt
755 1121 904 1180 tempora,

92 1185 125 1257 ἀ
146 1187 289 1252 ordinatae
309 1187 501 1267 velocitates,
522 1189 604 1265 quocl
620 1183 779 1251 'secundum
801 1183 906 1248 irade-

96 1285 247 1333 monstre:
275 1289 417 1346 ponamus
435 1278 471 1334 ex
490 1275 518 1333 A
540 1287 590 1347 per
610 1286 725 1345 tempus
744 1271 771 1329 A
793 1267 819 1328 E
840 1283 905 1326 cor·
981 1319 986 1331 ,

93 1366 146 1426 pus
162 1345 300 1428 ¹decidens
321 1349 469 1435 acquirere
489 1347 678 1414 velocitatem
695 1349 764 1424 BC,
784 1367 818 1410 ac
835 1363 906 1422 pro·

91 1426 171 1505 gredi
191 1425 294 1494 deinde
315 1428 422 1506 aequali
443 1429 686 1508 tempusculossD
702 1426 823 1506 pristino
842 1444 905 1488 mo-

94 1525 128 1571 tu
148 1509 257 1585 absque
275 1508 509 1590 acceleratione,
530 1513 588 1590 jam
601 1508 701 1586 elapso
720 1502 905 1579 tempuscula

91 1589 144 1650 BD
165 1587 291 1652 servabit
302 1589 490 1672 velocitatem
507 1591 557 1653 BC
575 1609 607 1648 ε
631 1592 707 1654 DF:
727 1587 808 1666 atqui
831 1604 908 1650 tem·
937 1590 941 1599 ‘
993 1591 998 1598 '

94 1666 214 1744 pusculo
236 1671 290 1731 BD
311 1687 328 1731 a
349 1672 500 1736 constanti
520 1670 675 1746 gravitatis
696 1668 820 1742 impulsu
841 1683 907 1744 per·

92 1745 161 1813 inde
180 1745 385 1827 sollicitatur,
413 1769 449 1812 ac
478 1747 661 1825 tempusculo
682 1749 750 1822 AB,
779 1765 836 1808 uec
854 1765 908 1808 no·

93 1845 130 1888 va
159 1826 215 1888 iste
244 1824 414 1891 sollicitatio
443 1827 524 1892 tollit
554 1827 655 1905 primae
691 1823 908 1896 sollicitationis

91 1901 253 1983 effectum,
282 1927 349 1970 cum
376 1907 469 1972 ambae
498 1909 686 1986 conspirent,
715 1924 783 1980 ergo
803 1907 907 1982 corpus

94 1985 195 2062 elapso
224 2002 357 2063 tempore
377 1993 438 2052 AD
466 1989 583 2054 habebit
612 1985 697 2051 aliam
718 1984 907 2049 velocitatem

95 2067 149 2143 DF
167 2085 198 2123 =
224 2069 293 2144 BC,
314 2070 511 2146 quamprimo
534 2065 716 2146 tempusculo
734 2065 907 2141 acquisivit:
965 2081 967 2102 ¹

99 2145 150 2210 sed
172 2148 227 2208 DF
247 2167 279 2206 e:
297 2149 365 2223 FE,
384 2169 452 2212 cum
471 2149 531 2213 sint
554 2145 696 2225 triangula
705 2147 805 2223 ΒΑΕ,
828 2147 908 2208 FCE

90 2223 229 2300 similiter
249 2225 373 2304 nequalia
392 2234 511 2306 (Germ.
532 2250 560 2295 n.
581 2229 752 2304 70),*ergo
773 2225 906 2289 totsDE

92 2307 233 2382 exprimit
253 2306 445 2372 velocitatem
465 2325 533 2371 toto
552 2323 683 2388 tempore
699 2311 760 2388 AD
784 2307 907 2384 acquisi-

92 2401 178 2464 tam,
198 2383 276 2460 quod
297 2385 412 2462 quidem
433 2385 467 2450 ἀ
486 2386 524 2450 de
549 2387 612 2452 alic'
629 2400 811 2464 quatumque
832 2385 908 2452 ordi·

93 2479 166 2528 nata
184 2463 320 2528 similiter
351 2465 466 2528 ostendi
486 2483 604 2542 potest.
632 2466 819 2538 Generaliter
838 2486 906 2544 ergo

89 2542 236 2609 ordinatae
255 2543 423 2620 exprimunt
440 2543 629 2624 velocitates,
649 2544 783 2610 abscissae
804 2563 906 2611 autem

94 2641 255 2703 tempore,
284 2645 353 2702 ergo
371 2645 439 2689 cum
461 2623 568 2698 ¹eadem
596 2627 636 2690 sit
658 2625 736 2688 ratio
758 2625 907 2689 ordinate·

93 2723 161 2770 rum
181 2749 191 2782 ,
218 2701 252 2770 &
271 2704 487 2784 abscissurum,
512 2709 571 2786 jam
592 2705 800 2789 uelocitatum¹
815 2705 908 2770 incre*-

90 2799 194 2852 menta
214 2805 301 2850 erunt
324 2787 354 2850 in
375 2787 488 2851 cerione
508 2805 673 2868 temporum
690 2784 810 2852 clitella.
830 2793 911 2875 Quae

93 2881 161 2930 tota
179 2862 408 2948 demonstratio,
437 2888 505 2932 curn
526 2870 621 2936 motui
648 2864 833 2934 uniformiter
863 2888 909 2932 re-

91 2944 211 3012 tardato
240 2947 377 3025 applicari
405 2949 523 3029 possit,
560 2951 665 3016 ordine
692 2951 810 3015 inverso
835 2947 910 3028 figu-

46 3115 48 3119 .
90 3045 155 3122 ram
174 3028 411 3122 consideando,
441 3047 524 3120 patet
554 3035 663 3101 ueritas
692 3032 786 3096 totius
806 3049 909 3112 propo·
986 3034 1000 3050 “

89 3123 228 3171 sttronss.

91 3187 333 3256 PROPOSITIO
348 3191 389 3254 11.
409 3195 526 3270 corpus
543 3190 634 3263 libere
648 3189 822 3258 descendens
841 3183 928 3258 sola*

87 3277 90 3282 '
128 3269 164 3331 vi
180 3270 344 3351 gravitatis
362 3271 459 3335 variis
481 3273 773 3355 temporibusspntia
788 3287 908 3350 percur-

95 3381 100 3386 ·
127 3350 194 3424 rit,
215 3365 282 3429 qun
301 3367 427 3414 omnus
448 3352 530 3418 initio
544 3350 907 3436 computareduplicatnm

17 3476 23 3490 .
129 3443 294 3512 sequuntur
310 3441 481 3510 temporum
500 3437 664 3500 rationem.

90 3537 96 3546 ·
134 3517 204 3608 5⁰⁸?
225 3505 389 3578 Probatur.
406 3515 444 3586 si.
456 3535 559 3664 cml-lus
578 3515 695 3585 caderet
703 3525 789 3580 motu
798 3535 909 3660 belonsa-

167 3619 170 3629 ’
205 3613 210 3628 ·
558 3621 579 3671 4
817 3619 869 3678 tt,
