2360 4220
281 237 318 294 ιδ
370 263 373 268 -
582 228 737 294 Elementa

243 313 433 386 unione,
454 327 488 370 ac
509 308 741 386 Theologorurn,
763 329 830 372 curn
851 307 1005 386 loquentes
1018 307 1055 373 de

242 409 313 456 ente
340 389 483 465 infinito,
512 389 575 464 ejus
605 389 751 452 unitatem
784 389 990 454 demonstrant
1018 409 1058 454 ex

242 465 452 550 perfedlonum
472 466 681 547 similitudine;
712 469 812 547 inepte
835 493 904 535 vero
919 469 1056 534 eamdem

159 592 161 598 ,
243 553 388 615 unitatem
409 567 528 624 arguere
544 549 743 614 Leibnitianos
762 550 799 614 de
828 551 945 616 entibus
966 549 1058 613 linitis

240 629 382 695 similibus
394 629 494 706 ·(alias
514 628 646 692 absolute
667 626 1059 708 repugnarententiapet'fe·

151 753 154 758 ι
242 710 287 778 Cle
307 709 412 774 similia
432 726 552 786 contra,
581 731 616 774 ac
635 708 720 776 docet
744 713 908 775 Leibnitius
928 711 1016 789 epist.
1038 729 1056 788 ς

242 789 284 855 ad
302 791 457 855 claretum
478 810 530 852 n.2
537 819 549 866 5
565 789 593 860 ).
617 792 732 856 Deinde
753 793 921 869 primigenia
938 811 1057 866 corpus·

180 877 202 884 ”
243 871 329 950 cula,
357 870 488 950 quamvis
508 871 665 935 intrinsece
692 876 903 950 homogenea,
934 889 1058 948 possunt

195 1009 198 1013 .
243 971 345 1016 tamen
374 948 487 1015 differre
519 951 637 1030 figura,
666 953 898 1030 magnitudine,
936 951 1057 1028 aliisque

243 1035 419 1110 mechanicis
443 1025 668 1112 adfedlionibus,
691 1034 759 1110 quin
779 1050 898 1096 corruat
920 1031 1058 1108 indiscer-

209 1121 210 1125 ’
244 1115 378 1180 nihilium
399 1112 586 1190 principium.
609 1111 688 1175 idern
710 1113 746 1176 de
767 1113 936 1190 compositis
955 1111 1058 1196 dicas,

245 1218 369 1275 quorum
397 1193 549 1256 diversitas
577 1211 614 1254 ex
642 1194 723 1255 vario
744 1191 950 1268 particularum
972 1213 1049 1256 nexu

245 1275 431 1356 pendet,'ur
452 1269 527 1335 infra
547 1268 672 1336 clarius.

287 1384 337 1434 77·
358 1362 464 1432 opp-4
482 1367 586 1417 contra
605 1349 738 1415 eamdem
747 1348 959 1416 elementorum
980 1349 1058 1414 sirni-

151 1454 153 1458 ’
246 1435 419 1502 litudinem.
449 1435 650 1509 Si'corporum
670 1434 801 1496 omniurn
831 1430 982 1509 primordia
1010 1427 1060 1496 iu·

245 1536 312 1584 tent
335 1521 531 1590 homogenea,
560 1515 615 1592 jam
638 1515 799 1589 composita
820 1512 916 1574 omnia
939 1529 1059 1590 possent

247 1601 277 1664 in
301 1596 355 1664 alia
375 1595 490 1658 diversa
507 1594 661 1670 converti,
678 1615 750 1657 cum
773 1594 948 1669 quicumque
968 1611 1059 1655 nexus

246 1681 338 1760 possit
356 1691 473 1740 naturae
494 1673 601 1736 vitibus
621 1673 765 1738 obtineri.
786 1674 859 1758 Quis
882 1674 958 1735 enim
980 1674 1060 1750 igno·

245 1777 293 1824 rat
317 1756 556 1821 violentissimam
580 1753 722 1830 ignisvim
744 1755 1060 1830 solverequascumque

247 1839 495 1914 combinationes,
510 1831 549 1897 'dt
571 1835 606 1898 ad
627 1835 793 1912 primigenia
814 1855 906 1911 usque
925 1833 1052 1898 elemen-

249 1940 281 1985 ta
303 1919 488 1998 pertingere?
520 1921 563 1978 At
581 1933 701 1979 certum
723 1917 903 1992 elperientia
931 1932 978 1978 est
1000 1913 1061 1987 dar‘,

247 2021 369 2078 corpora
390 2001 419 2061 in
431 1995 486 2060 alia
496 2015 610 2073 prorsus
631 1995 878 2060 inconvertibilia:
900 1993 969 2060 talia
989 2009 1059 2058 sunt

247 2080 378 2156 vulgaria
399 2077 561 2154 elementa,
592 2099 625 2142 ac
647 2077 792 2142 elementa
814 2076 966 2155 cbymica,
990 2093 1060 2151 quat

248 2159 437 2240 quantumvis
467 2159 532 2234 igne
560 2175 784 2236 torqueantur,
818 2157 920 2221 cadem
951 2174 1062 2232 semper

247 2256 390 2318 manent,
411 2238 498 2302 sicuti
508 2237 544 2300 de
560 2238 620 2302 sale
630 2255 780 2302 testantur
791 2238 1004 2314 Hombergius,
1025 2256 1060 2299 ac

247 2317 472 2397 Duhamelius,
502 2318 538 2384 de
559 2321 702 2383 mercurio
723 2320 934 2397 ssoerahavius,
963 2313 997 2380 &
1026 2313 1063 2378 de

246 2401 316 2465 aliis
336 2401 460 2496 Cbimici
481 2421 598 2490 omnes.
628 2399 749 2464 Nullum
772 2420 886 2478 quaque
908 2395 1059 2492 metallum
1111 2427 1119 2436 ··

247 2497 384 2548 converti
396 2499 398 2504 ·
412 2504 440 2543 m
462 2501 565 2544 aurum
587 2497 704 2560 potest,
723 2494 819 2558 'quarn
839 2494 1062 2544 transmutatro·

247 2581 316 2626 nem
336 2583 352 2625 a
375 2560 501 2640 pluribus
529 2562 641 2626 saeculis
669 2564 699 2626 in
728 2581 842 2625 cassum
868 2571 1064 2625 tentaverunt

249 2639 452 2720 Alchimistae,
474 2665 542 2718 ergo
562 2640 622 2705 &o
1054 2710 1062 2726 ⁸

290 2731 339 2799 78.
362 2726 403 2787 R.
423 2728 491 2788 Non
512 2721 612 2783 deesse
632 2717 748 2795 quidem
771 2717 956 2791 Philosopbos
978 2763 987 2794 ,
1013 2733 1064 2789 qut

248 2801 429 2866 arbitrantur
449 2803 606 2863 maximam
628 2817 782 2872 corporum
805 2813 922 2892 partem
952 2815 987 2858 ex
1015 2813 1066 2856 ea·-

248 2879 316 2944 dem
337 2883 514 2954 homogenea
536 2877 659 2940 materia
679 2897 830 2955 componi,
861 2893 928 2951 quae
948 2889 1064 2952 propte-

248 2979 297 3024 tea
318 2959 454 3020 converti
477 2960 505 3022 in
527 2977 557 3019 se
579 2957 704 3018 invicem
714 2974 796 3035 arte,
817 2953 864 3019 vel
884 2970 991 3018 natura
1001 2975 1064 3031 pos·

248 3053 337 3100 sunt·
360 3040 405 3100 At
425 3037 541 3116 quidam
562 3034 666 3100 volunt
686 3036 782 3101 baberi
800 3033 971 3111 composita·
987 3055 1066 3118 pror-

168 3169 170 3174 .
247 3135 297 3182 sus
318 3117 458 3196 simplicia
480 3137 516 3181 ex
538 3114 674 3193 peculiari
696 3116 818 3192 quadam
837 3115 960 3178 materia
980 3111 1066 3177 effor-

247 3215 348 3276 mata,
368 3195 815 3275 quaeproindeincooverribilia'
835 3212 920 3260 sunt:
940 3196 1068 3274 eiusmo-

244 3276 278 3340 di
297 3279 383 3353 ajunt
405 3299 469 3343 esse
491 3296 620 3357 terram,
647 3289 744 3342 aerem
767 3328 775 3356 ,
805 3277 919 3355 lucem,
947 3273 1066 3340 metalla

247 3361 376 3437 omnia,
406 3381 441 3423 ac
463 3356 517 3422 alia
539 3355 638 3436 plura.
666 3357 719 3422 sed
749 3379 807 3421 non
836 3374 883 3422 est
904 3376 976 3432 opus
990 3356 1067 3419 nuic

248 3436 423 3503 subscribere
444 3440 593 3518 opinioni,
626 3457 660 3501 ut
683 3437 825 3518 objedium
844 3437 1000 3502 solvamus
1021 3456 1066 3498 ar-

248 3534 435 3602 gumentum,
459 3541 527 3592 cum
545 3541 582 3592 es
602 3517 705 3591 iisdem
728 3519 913 3602 honrogeoeis
934 3517 1067 3611 materiae

442 3632 451 3640 .
633 3633 638 3638 .
937 3611 1027 3678 pam,
