2332 4218
347 264 481 352 Physica
500 255 671 333 Generalis.
817 289 875 345 ¹79

327 359 491 460 audiuntur
510 353 702 458 Adversarii.
745 389 783 458 ’,
910 353 914 358 ¹

108 539 111 544 ·
148 525 215 590 516.
233 511 310 589 Oup.
333 535 345 576 r
372 518 402 575 P.
424 515 506 578 Lana
528 517 585 593 (T.
610 497 919 596 zmagtrtrstcatls»

105 598 170 660 Art.
190 593 287 658 rna.
307 617 347 670 ς,
368 593 418 656 lib.
442 619 453 655 r
478 594 509 668 l.
537 601 614 658 Haec
634 593 752 662 Galilaei
782 593 892 657 theoria
909 639 920 668 ,

107 678 130 740 si
152 673 270 750 physice
288 672 455 752 spolietur,
481 677 630 752 apparebit
651 675 745 754 falsa-3
764 676 873 738 etenim
896 673 923 735 si

106 753 287 835 geometrice
305 751 481 830 loquamur,
511 755 685 821 velocitates
704 754 821 832 singulis
845 771 922 816 tem·

91 831 233 914 &puseolis
260 836 413 912 acquisita
443 853 512 898 sunt
543 836 659 913 quidem
693 833 921 915 infinitesimae,

107 915 240 990 adeoque
260 914 380 991 spatiola
415 915 535 992 exprimi
556 933 718 992 potuerunt
750 913 923 990 triangulis,

107 1015 230 1070 quorum
260 996 403 1057 ordinatae
433 995 547 1058 basibus
573 993 730 1072 'parallelae
757 997 921 1071 exprimant

106 1092 275 1160 crescentes
295 1075 470 1140 velocitates
490 1081 501 1154 (
518 1096 554 1137 nt
566 1099 620 1151 507
643 1077 672 1148 l:
700 1090 734 1136 at
763 1075 787 1136 si
807 1073 922 1150 physise

90 1155 286 1235 loquamur,
317 1158 494 1220 incrementa
525 1155 716 1219 velocitatum
755 1175 812 1214 non
852 1167 923 1226 sunt

106 1235 293 1299 infinitesima
309 1287 318 1314 ,
337 1236 467 1312 adeoque
487 1240 579 1315 spatia
600 1236 719 1313 exprimi
744 1234 850 1298 debent
873 1251 923 1306 per

106 1312 297 1396 redarguta,
320 1337 386 1394 quae
407 1336 562 1399 crescant,
586 1335 620 1382 ut
643 1317 766 1395 numeri.
777 1315 924 1392 simplices

111 1395 447 1475 ¹,2‚3,4,5&c.
571 1415 574 1426 ¹

151 1501 217 1554 517·
239 1481 279 1542 R.
301 1484 378 1541 Cum
401 1481 527 1556 gravitas
556 1477 674 1558 spellari
702 1475 805 1542 debeat
827 1476 924 1544 veluti

108 1559 242 1634 potentia
263 1561 429 1635 corporibus
449 1563 592 1628 continuo
609 1561 769 1638 applicata,
786 1579 835 1622 ac
858 1560 922 1623 uni-

106 1635 210 1704 formis
227 1661 250 1715 ,’
268 1637 302 1702 dt
324 1659 460 1706 constans
479 1692 488 1717 ,
520 1641 707 1718 proculdubio
730 1639 923 1705 velocitatem

104 1719 218 1794 corpori
247 1721 373 1783 tribuere
392 1719 481 1786 debet
512 1743 563 1798 per
589 1721 693 1798 gradus
722 1722 751 1783 in
780 1723 922 1782 concinna

107 1801 181 1862 serie
200 1818 391 1876 crescentes,
421 1803 591 1880 propterea,
616 1801 711 1870 etiam
731 1801 848 1876 physice
879 1799 923 1862 lo-

105 1877 241 1955 quendo,
261 1881 353 1954 spatia
374 1878 476 1942 haberi
494 1899 615 1956 possunt
632 1882 923 1958 tamquamtriangu·

100 1959 135 2020 la
154 1963 203 2032 (n.
215 1959 324 2034 508.·):
339 1961 366 2023 ,si
389 1961 561 2026 enimnbvae
573 1961 745 2024 velocitates
763 1957 854 2023 linitae
872 1979 925 2042 per

100 2037 260 2103 intervalla
301 2059 463 2118 temporum
492 2043 604 2122 corpori
639 2043 873 2116 imprimerentur
902 2063 926 2106 a

103 2120 270 2198 gravitate,
301 2122 390 2185 sicuti
421 2125 591 2202 contingere
612 2123 754 2199 deberet,
783 2122 807 2182 si
826 2121 922 2197 spatia

106 2201 199 2266 veluti
222 2199 384 2280 reuangula
407 2205 581 2266 haberentur
601 2207 649 2281 (a.
671 2226 725 2280 507
739 2201 769 2279 l,
791 2203 850 2280 jam
869 2223 921 2280 per

105 2283 198 2344 saltus
216 2280 302 2346 fieret
311 2287 441 2360 gravium
461 2285 650 2364 cadentium,
675 2283 865 2362 acceleratio,
886 2280 922 2358 d:

9 2377 20 2402 ⁹
105 2363 234 2440 gravitas
255 2366 445 2439 ternpusctvlis
468 2365 549 2429 inter·
566 2387 656 2427 novos
679 2365 845 2427 velocitatis
855 2378 923 2440 grs-

103 2441 159 2504 dus
180 2445 360 2507 intermediis
389 2443 465 2505 foret
495 2446 589 2522 iners,
616 2445 698 2525 ,quod
723 2443 921 2522 repugnatri

100 2525 273 2614 constanti,
293 2519 449 2598 uniformi,
471 2543 509 2584 ac
525 2526 673 2587 continuo
689 2520 921 2599 applicaraecor·

103 2623 186 2681 porr.

10 2739 11 2744 ,
148 2689 216 2757 518.
237 2685 312 2758 opp.
344 2705 360 2744 2
393 2679 468 2745 idem
493 2681 547 2746 Vir
568 2680 616 2744 Cl.
641 2679 795 2745 ostendere
823 2680 922 2744 nitens

64 2814 67 2820 .
101 2763 198 2839 spatia
220 2781 350 2826 crescere
368 2763 451 2842 juxta
464 2783 648 2826 numerorum
666 2761 839 2838 simplicium
856 2782 921 2837 pro-

99 2845 298 2924 gressionem.
330 2845 357 2907 si
379 2863 481 2920 corpus
503 2867 539 2909 ex
557 2843 625 2906 data
655 2841 811 2906 altitudine
833 2839 921 2909 cadat

104 2947 142 3002 32
165 2925 286 2986 minutis
306 2927 435 3001 quartis,
456 2948 489 2991 ac
512 2927 635 3004 primum
658 2927 784 3002 spatium
805 2921 928 2986 dicatur

103 3027 146 3080 a,
177 3023 265 3086 erunt
298 3006 326 3066 in
348 3003 467 3069 Galilaei
490 3007 636 3070 sententia
659 3009 751 3080 spatia
774 3004 825 3070 tali
847 3023 922 3067 tem-

9 3091 10 3096 ’
53 3111 55 3115 ·
100 3105 309 3164 poreemensa
335 3105 517 3166 10243curn
543 3109 577 3160 32
603 3083 633 3142 >l
663 3085 922 3163 3s=1oza3in

99 3163 241 3240 opinione
262 3179 363 3246 autem
386 3167 550 3232 Adversarii
571 3183 656 3227 crunt
682 3174 761 3240 528,
787 3186 852 3241 quse
874 3179 922 3228 est

99 3243 219 3313 additio
242 3267 444 3327 numerorum,
470 3273 481 3310 r
510 3243 611 3326 l2†
636 3267 647 3320 3
673 3251 689 3312 l
713 3243 813 3313 addc.
832 3265 923 3322 usque

97 3328 141 3396 nd
155 3349 207 3401 32·
228 3331 336 3404 Nunc,
357 3347 391 3390 ut
414 3349 458 3390 res
480 3330 514 3390 ad
533 3327 648 3406 praxim
667 3325 839 3404 reducatur,
862 3327 923 3414 ipsa

102 3435 144 3490 32
171 3405 283 3471 minuta
306 3407 505 3482 quartanam
527 3406 690 3484 sensibilia,
720 3428 822 3484 nempe
852 3405 920 3473 int

93 3487 234 3568 aquales
256 3505 351 3566 partes
380 3491 566 3568 tribuantur;
598 3488 725 3566 spatium
754 3489 922 3565 percussum

94 3573 197 3660 prima
219 3571 357 3653 temporis
378 3589 461 3650 parre
478 3573 542 3719 etii
567 3593 622 3650 ro,
650 3587 717 3652 quae
747 3587 792 3634 est
812 3566 923 3634 additio

562 3665 582 3716 ⁶
781 3665 885 3714 nume·
