2360 4220
374 283 507 366 Physica
527 286 696 354 Generalis.
859 319 895 358 ῃ

127 393 216 450 nem,
238 385 293 444 nc,
318 366 505 445 soliditatem,
526 365 943 448 ideoenimquodcumqueno·

128 455 173 514 bis
195 466 298 510 notum
320 468 423 523 corpus
444 468 610 524 extensum,
630 447 938 530 acsolidumest,quia

128 547 176 595 est
198 527 373 591 materiale:
393 528 480 590 sicuti
503 547 538 590 ex
560 524 681 605 adyaerso
701 530 819 604 spiritus
835 550 937 610 estpe·
1015 604 1020 610 ,

128 609 297 683 netrnbilis,
317 629 350 670 ac
372 608 450 670 inext
497 626 563 684 sus,
578 631 581 638 ·
595 609 660 682 quia
681 609 803 672 materia
824 630 905 675 caret
927 657 936 674 .

126 699 202 754 Sunt
222 689 312 765 igitur
331 688 444 750 extensi
473 736 482 770 ,
503 707 537 748 ac
557 685 688 749 soliditas
710 690 853 753 attributa
876 711 936 754 mn-

74 807 76 810 ·
127 773 213 834 teriae
235 768 395 830 necessario
415 766 541 830 adnexa.
563 767 698 845 Deinde,
719 769 742 830 si
764 772 863 832 omnia
885 792 937 832 ηοΙ

124 851 170 914 bis
192 867 263 910 nota
282 867 400 923 corpora
423 865 490 908 sunt
512 863 644 924 extensa,
666 867 700 909 ac
720 847 821 928 solida,
842 851 934 914 etiam

123 933 253 1008 ipsorum
273 926 416 991 elementa
439 943 558 989 extensa
580 943 683 1002 erunt,
699 948 736 989 nc
756 928 864 992 solida:
886 949 936 992 ne·

124 1031 182 1088 que
197 1008 273 1071 enim
300 1027 334 1068 ex
356 1005 537 1080 inextonsis,
557 1001 590 1067 dc
612 1005 836 1081 penetrabilibus
855 1030 935 1072 com»

126 1091 193 1167 poni
214 1104 325 1164 queunt
346 1103 465 1149 extensa
482 1099 494 1159 ,¹
520 1081 553 1146 δε
583 1085 831 1166 impenetrabilia3
859 1087 932 1152 alia-s

122 1171 272 1234 etiamen
292 1165 441 1243 spiritibus
463 1161 771 1242 tamqumpauibus·
790 1167 933 1234 constitui

30 1273 38 1282 ·
126 1247 243 1328 possem
262 1247 425 1320 composita
446 1261 586 1321 extensa,
610 1266 644 1306 ac
665 1243 764 1311 solida.
788 1255 860 1311 Sunt
882 1247 935 1324 igi·
1001 1309 1003 1312 ,

122 1327 371 1472 tglndptimigeniae
390 1324 528 1415 materiei
549 1324 701 1402 partieulae
722 1343 853 1392 extensae
871 1375 879 1406 ‚
899 1323 934 1392 ἀ

124 1435 139 1474 s
172 1430 245 1472 ιω.
452 1437 454 1444 ⁴

123 1527 125 1533 ·
167 1505 214 1552 oo.
244 1486 366 1552 Diversa
386 1501 487 1550 autem
504 1505 570 1549 esse
590 1481 693 1550 debere
721 1485 929 1564 particularum

121 1567 256 1632 nraterioi
277 1565 411 1643 figuram,
439 1563 473 1628 ἃ
494 1566 748 1647 magnitudinem,
772 1585 872 1632 contra
894 1588 929 1632 ac

122 1645 253 1712 nonnulli
273 1647 460 1721 arbitrantur,
479 1643 548 1708 licet
569 1663 653 1709 certo
675 1647 931 1723 nequeatdemon·

121 1730 225 1806 strati,
251 1748 320 1792 cum
341 1745 397 1802 ope
417 1727 668 1800 microscopiorum
691 1725 726 1788 ad
748 1726 931 1804 ultimaele·

22 1881 23 1884 Ἴ
118 1813 220 1873 menta
241 1809 404 1884 pertingere
427 1827 481 1866 non
506 1806 668 1882 possimus,
692 1801 806 1869 videtur
828 1825 926 1870 tamon

113 1886 302 1968 eoojedlutali
324 1902 496 1962 argumento
517 1881 669 1946 admodum
692 1903 932 1948 consentaneum.

115 1975 197 2034 Num
219 1967 389 2043 moloculae,
410 1985 476 2040 qaae
498 1983 534 2026 ex
556 1963 681 2026 minimis
702 1963 930 2028 elementiscoa·

116 2048 320 2127 gmenta'mur,
343 2045 451 2111 variam
474 2040 806 2122 praeseferuntfiguram,
828 2041 931 2106 &rna-

118 2129 323 2206 gnitudinem,
346 2143 380 2189 ut
401 2140 517 2203 apparet
539 2123 568 2186 in
592 2125 742 2201 particulis
764 2125 929 2203 sanguinis,

121 2210 245 2284 salium,
268 2206 470 2284 metallorum,
493 2203 676 2282 aliorumque
698 2207 857 2268 mixtorum
877 2205 931 2268 mi·

52 2351 57 2360 ,
110 2289 258 2364 oroscopii
279 2285 417 2350 beneficio
437 2281 610 2362 compedis:
632 2284 707 2362 quod
732 2286 824 2351 etiam
845 2307 931 2362 expe-

117 2370 222 2430 rientia
236 2365 400 2439 confirmat,
421 2386 474 2440 qua
486 2366 618 2426 novimus
630 2364 705 2428 idem
716 2387 766 2426 vas
775 2387 858 2442 aquae
869 2386 932 2444 par-

23 2477 38 2502 s
118 2443 216 2508 titulis
238 2463 288 2518 per
307 2464 374 2505 suos
396 2463 477 2516 poros
500 2443 611 2518 aditum
632 2445 812 2523 permittere,
837 2445 930 2522 probi·

23 2535 26 2556 ³·
109 2525 187 2589 -bere
207 2537 308 2585 autem
330 2515 406 2582 neris
428 2517 608 2592 moleculis,
647 2543 713 2594 quae
744 2524 929 2594 probabiliter

116 2622 186 2669 sunt
207 2601 308 2680 primis
331 2597 516 2675 subtiliores,
538 2595 612 2673 quod
634 2615 715 2660 certe
738 2621 793 2659 non
803 2603 926 2677 explica.

117 2686 178 2763 bis,
200 2684 258 2746 nisi
277 2701 414 2749 concessa
435 2675 586 2742 rnoleculis
607 2674 720 2742 diversa
742 2675 851 2754 figura.
875 2681 929 2763 Igi-

109 2783 166 2830 ⁴tur
186 2765 279 2828 etiam
300 2760 513 2825 elementorum
524 2757 682 2821 moloculas
691 2760 929 2834 componentium

119 2846 197 2909 varia
217 2845 274 2906 erit
296 2841 386 2923 figura
406 2889 415 2919 ,
439 2835 473 2904 ἃ
494 2837 685 2916 magnitudo.
709 2837 810 2913 Adde,
836 2841 929 2916 posita

116 2927 346 3002 elementorum,
369 2919 463 3000 quoad
485 2918 623 2998 figuram,
645 2915 678 2982 ἀ
699 2920 928 2994 magnitudinem

24 3013 26 3049 l
118 3001 240 3084 perfedla
262 3001 481 3078 similitudine,
517 3018 666 3096 nontam
697 2995 785 3084 facile
805 2999 927 3079 intelligi

25 3121 26 3128 κ
118 3106 199 3164 posse
219 3101 334 3146 tantam
354 3103 507 3158 corporum
528 3097 703 3144 uarietatem
724 3131 732 3157 ,
765 3101 875 3157 quanta
897 3083 926 3146 in

118 3161 296 3242 adspedlnbili
319 3163 426 3226 mundo
448 3162 526 3224 nobis
546 3163 716 3226 exhibetur.

157 3259 208 3308 σι.
228 3252 300 3306 Sunt
322 3243 413 3306 etianm
436 3243 525 3319 prima
539 3241 691 3304 *elementa
711 3240 845 3304 materiae
864 3242 925 3306 eii-

117 3324 241 3389 lissima.
263 3328 344 3388 Nam
362 3343 480 3398 corpora
503 3320 620 3398 plurima
640 3321 734 3400 artis,
756 3318 927 3386 &naturas

119 3409 146 3467 vi
170 3407 198 3467 in
221 3403 377 3481 particulas
397 3400 487 3466 dividi
511 3422 629 3477 possunt
650 3399 927 3466 admirandaesuth·

118 3481 230 3560 litatis,
250 3483 327 3560 quod
350 3480 424 3568 infra
445 3481 572 3560 pluribus
594 3480 782 3546 ostendetur.

160 3579 207 3629 οι·
221 3567 346 3632 -Rursus
365 3563 543 3644 primigenio
564 3561 717 3640 particulae
740 3580 808 3626 sunt
826 3566 925 3626 homo·
1004 3607 1008 3614 -

765 3663 883 3722 grinele,
