2310 4290
26 311 31 372 l

336 269 427 340 Ph
381 295 480 352 ysaias
476 273 626 342 (3333ναῖ
616 293 658 338 r's.
808 299 863 352 erp

66 395 69 408 «
138 368 206 453 347.
226 363 337 433 opp-a.
351 359 547 434 concipiatur
564 354 705 435 particula
726 353 820 432 aliqua
841 355 908 420 flui-

108 433 163 500 ili
157 461 183 500 333
203 436 346 530 columna·
358 437 550 516 horizontali‚
579 442 617 502 sit
640 453 744 500 auter-n
766 443 828 500 haec
847 459 909 515 par·

113 517 197 582 ticulo
227 517 381 594 proximior
410 520 460 581 uni
483 518 574 582 lateri
606 519 697 592 33333,
728 533 797 594 puta
824 517 910 584 lateri

110 599 231 671 derisu,
262 598 601 670 pincinatorum
630 597 765 666 laterales
787 595 910 662 allioues

105 675 257 748 lluirlorum
268 677 682 770 prementiumquantitatibus
702 677 914 757 respondeant,-

107 763 168 820 haec
182 757 329 832 porticula
352 758 445 830 posita
475 759 552 820 int'er
573 756 735 833 iuaequales
756 758 790 820 ad
819 759 913 822 lacera

104 835 172 902 lluid
175 857 255 898 orum
277 836 458 912 quantitates
486 835 633 910 urgebitur
655 859 677 898 3
706 839 849 900 viribus
840 859 912 904 mae·

107 915 255 996 qualibus,
279 936 347 992 ergo
369 937 424 976 non
446 917 572 984 servabit
593 916 837 990 aequilibrium.

145 1007 211 1068 648.
233 963 272 1063 Κ.
294 995 459 1071 Distingui
465 995 609 1059 debent
593 997 694 1072 uires,
724 1017 790 1072 quae
813 1017 914 1060 omnes

110 1076 190 1141 simul
222 1074 258 1140 ad
286 1096 373 1138 unam
394 1091 505 1151 partem
532 1077 728 1152 diriguntur,
757 1075 790 1139 &
814 1079 914 1154 vires,

106 1178 200 1252 puae
192 1171 284 1230 agunt
305 1176 342 1218 ex
363 1172 484 1232 utraque
502 1173 603 1249 parte:
633 1157 684 1219 ubi·
702 1156 824 1233 primum
842 1177 914 1220 eon·

112 1240 224 1314 tingat,
256 1257 357 1300 omnes
385 1236 470 1298 simul
491 1239 565 1300 vires
596 1235 631 1298 ad
652 1237 782 1300 eamdem
803 1255 915 1314 partem

104 1318 305 1394 conspirantes
333 1311 479 1380 inlirnrum
502 1315 618 1380 obirem
642 1321 837 1394 superabunt
866 1319 915 1380 ubi

112 1419 178 1462 uero
199 1395 356 1460 secundum
377 1397 512 1476 eveniar,
542 1398 627 1460 alit-er
648 1396 821 1474 loquendum
841 1400 917 1462 erit

111 1477 268 1554 [eruginare
281 1499 346 1540 roo
340 1477 481 1542 homines
499 1496 632 1554 urgentes
651 1477 753 1544 eumde
756 1501 784 1542 m
806 1478 916 1544 obicem
1014 1480 1018 1492 ¹

104 1559 263 1632 virium5o
242 1545 734 1650 o·,profedlo-ipsamsuperabunc:
755 1558 916 1632 atsiiidem

107 1638 267 1700 33333333Ι
258 1654 302 1698 333
317 1633 433 1700 inerint
454 1637 603 1714 dispositi,
629 1656 787 1705 uteorum
808 1660 916 1714 primus
933 1703 938 1708 ,

107 1738 165 1780 una
188 1735 274 1777 manu
291 1715 406 1778 obicem
428 1735 548 1794 urgear,
577 1687 668 1798 altera
687 1738 755 1794 agat
777 1720 916 1780 aduersus

110 1799 167 1858 vim
188 1794 322 1860 secundi
320 1795 494 1888 hominis
472 1796 572 1890 ,333
579 1791 687 1872 pariter
717 1797 821 1861 altera
825 1817 918 1860 manu

103 1892 205 1952 renger
228 1892 329 1939 contra
348 1875 407 1938 vim
428 1845 528 1954 teriii,
549 1876 648 1953 sicque
668 1876 844 1955 deinceps,
838 1895 918 1940 itaut

108 1975 208 2019 opines
228 1975 263 2018 cx
285 1973 408 2031 utraque
428 1973 512 2032 parte
533 1974 657 2034 ’,33333
684 1975 765 2023 certe
784 1958 857 2025 obes
875 1979 919 2033 53
973 2007 977 2015 .

100 2055 167 2098 ,33333
192 2035 372 2114 superabitur
391 2057 409 2100 3
434 2057 500 2099 roo
503 2037 686 2114 hominibus3
708 2059 831 2112 quonum
845 2038 919 2114 vires

99 2119 137 2182 in
159 2120 212 2180 hoc
228 2137 302 2182 casu
325 2136 383 2178 non
405 2115 548 2194 sustinet,
582 2133 616 2179 ut
638 2113 827 2182 manifestum
851 2135 916 2187 est„

105 2197 208 2270 Simili
220 2196 324 2276 morlo3
342 2217 409 2260 cuns
429 2195 571 2272 quaelibet
593 2193 678 2260 liuidi
700 2215 786 2275 gutta
806 2219 919 2274 prema-

112 2296 182 2356 tur,
210 2275 244 2342 &
264 2293 363 2354 reagar
385 2275 490 2353 aequali
511 2279 572 2354 33,
598 2298 782 2354 quocumque
804 2279 834 2340 in
852 2277 921 2342 loco

72 2416 80 2428 ,
100 2360 403 2496 vasisncoocipiatur3
424 2377 480 2418 non
501 2358 616 2433 poterit
630 2359 666 2422 ab
689 2355 919 2488 aliisadmotum

100 2457 235 2514 impe
209 2460 217 2498 3

150 2530 219 2588 349.
240 2517 312 2576 Inst.
333 2515 361 2575 si
378 2511 448 2575 duae
472 2503 565 2588 fluidi
586 2504 686 2591 portes
700 2517 860 2592 superiores
883 2517 920 2578 si·

106 2595 171 2660 rnul
193 2594 391 2670 accipiantur,
413 2611 527 2658 certum
548 2613 594 2738 ezr
616 2616 664 2658 eas
685 2595 774 2672 magis
796 2597 923 2674 gravitar-
982 2635 991 2656 .

101 2699 162 2755 re,
192 2697 225 2739 ac
246 2693 404 2752 premere,
433 2693 519 2750 quam
541 2697 572 2752 pr
591 2692 652 2740 mat
683 2677 769 2740 unica
799 2696 862 2753 pars
883 2695 923 2753 3·

106 2725 202 2834 quitis
223 2751 359 2832 inferior,
380 2773 447 2830 ergo
467 2757 515 2818 hae
535 2754 602 2820 duae
615 2773 718 2834 partes
739 2755 824 2820 simul
841 2777 924 2820 sum·

99 2855 184 2916 pta:
185 2836 299 2901 debent
319 2834 477 2912 praeralere
491 2833 627 2900 inferiori
637 2857 734 2916 ,ergo
754 2857 812 2900 non
833 2837 922 2914 333333

106 2905 321 2994 aequilibrium.

150 3013 220 3077 650.
242 3002 282 3062 R
306 3001 388 3060 Duas
409 2992 600 3074 lluidipartes
622 2995 706 3062 simul
719 3015 857 3093 sumptas
877 3019 923 3064 es-

101 3099 143 3141 se
165 3080 271 3155 utique
293 3079 381 3141 tertia
404 3075 552 3158 inferiori,
573 3098 607 3140 33
617 3067 733 3154 aequall
755 3079 804 3142 uni
821 3099 926 3142 earum
1020 3128 1023 3138 .

103 3160 276 3237 graviores,
306 3161 329 3220 si
352 3162 415 3221 haec
438 3128 552 3220 infima
556 3160 672 3224 seorsim
695 3175 844 3236 sumatur,
861 3171 925 3220 non

105 3259 182 3301 vero
203 3239 227 3300 si
248 3255 379 3300 sumatur
401 3259 458 3300 una
488 3257 555 3300 curn
585 3237 926 3335 superincumbenrinus

106 3319 156 3381 uri
191 3318 267 3380 sumi
296 3315 401 3383 debet:
430 3320 519 3384 sicuti
547 3319 624 3382 enim
648 3337 705 3383 ruo
737 3319 842 3382 lateres
873 3287 926 3384 sihi

107 3401 182 3477 ipsis
205 3398 478 3476 perpendiculariter
509 3401 721 3479 superimpositi
753 3401 795 3462 ita
816 3419 846 3461 se
866 3420 928 3475 pte·

106 3495 220 3555 munt,
244 3498 277 3543 ut
294 3498 399 3544 eorum
421 3477 536 3544 infimus
558 3502 616 3544 non
636 3495 750 3558 premat
771 3496 805 3542 ut
827 3499 922 3558 unus,

61 3590 69 3602 ⁸
103 3557 164 3626 sed
189 3577 221 3621 ut
247 3578 324 3636 1003
345 3559 386 3622 ira
407 3581 470 3636 pars
490 3557 588 3628 infima
608 3557 696 3630 fluidi
714 3575 830 3630 exercet
851 3581 929 3636 pres·

144 3604 340 3707 Altieril’lril.
350 3645 383 3703 T.
389 3645 433 3704 Η.
537 3677 542 3685 =
587 3643 642 3711 K¹
774 3659 889 3706 33333333
