2360 4220
364 237 690 324 Plyiicae'G‘rreralis.
846 257 890 318 ns
916 251 940 284 N

121 321 287 409 particulis,
306 324 419 392 diversa
440 344 538 392 tamen
560 325 667 404 figura,
688 319 929 400 &magnitudine

122 408 250 488 praediris
278 405 353 472 effici
395 411 507 486 possint
544 405 737 472 diversissima
766 405 927 480 composita

121 491 236 569 penitus
255 489 508 566 inconvertibilia,
525 509 561 552 eo
582 485 658 566 quod
675 505 769 563 neque
788 503 855 561 ars,
876 503 926 548 ne·

76 639 80 645 ,
122 591 179 648 que
200 585 303 632 natura
326 570 416 646 possit
437 569 588 634 materiam
609 567 743 642 adprime
764 584 854 641 usque
869 563 928 630 ele·

120 667 224 714 menta
240 647 386 726 dividere,
406 666 442 714 ut
461 644 537 712 infra
558 646 818 714 demonstrabitur.
848 648 927 708 Cum

120 731 221 806 itaque
242 729 410 810 moleculae,
431 749 498 806 quse
517 732 604 807 artis,
626 746 678 792 aut
700 745 813 790 naturas
821 725 928 790 viribus

122 811 289 887 subjacent,
318 813 377 874 sint
398 808 547 884 particulae
567 808 732 885 sensibiles,
760 827 828 884 quae
848 803 928 883 pluro

86 927 93 942 2
122 889 338 954 clementorum
365 889 610 966 primogenioru‘m
628 886 746 952 millena
773 889 929 950 continent

122 971 203 1032 vario
222 967 322 1032 ordina
340 967 499 1045 disposita,
519 965 628 1042 &quae
648 989 702 1043 pro.
719 965 830 1028 diversa
850 986 930 1029 com·

113 1049 272 1114 binatione
298 1069 349 1112 sua
370 1070 429 1112 noo
457 1063 528 1110 sunt
549 1063 615 1122 apta
637 1046 673 1108 ad
685 1044 828 1120 ’quelibet
849 1065 928 1108 corn-

38 1135 41 1138 '
123 1129 216 1207 posita
236 1124 440 1205 effonnnnda,
469 1127 536 1190 hinc
564 1125 711 1192 dabuntur
728 1145 847 1201 corpora·
876 1126 929 1188 im-

121 1205 303 1285 mutabilia,
332 1209 389 1272 etsi
420 1206 551 1287 eiusdem
580 1213 766 1287 homogeueae
796 1207 927 1268 materiae

123 1287 251 1367 plexibus
271 1289 457 1354 coalescant.

165 1391 213 1444 79·
233 1373 309 1446 Opp.
329 1394 344 1446 ς
366 1386 470 1434 contra
489 1366 623 1434 eamdem
641 1373 851 1444 homogeneam
870 1386 931 1444 mas

122 1449 227 1515 teriam
249 1449 458 1528 Alcbymistae.
486 1449 610 1516 Nullum
630 1448 716 1514 datur
734 1447 929 1526 compositum

56 1541 66 1554 ‘
124 1527 258 1594 naturale
277 1529 472 1614 completum,
504 1549 594 1607 acque
614 1527 790 1608 perfedlum,
811 1549 847 1592 ex
867 1547 928 1603 quo

121 1611 257 1686 tbymica
275 1609 423 1676 elementa
440 1614 513 1690 ignis
532 1611 646 1674 albione
665 1631 725 1672 non
751 1609 929 1674 eliciantur.-
1028 1613 1031 1616 ’

122 1689 172 1756 sed
193 1689 331 1768 principia
350 1693 506 1755 intrinseca
535 1712 685 1768 corporum
706 1709 740 1752 ea
769 1705 868 1766 sunt,
898 1688 930 1751 in
958 1741 962 1748 .

37 1819 42 1826 -
120 1790 188 1849 ouae
208 1769 381 1834 immediate*
397 1771 600 1844 resolvuntur,
621 1791 691 1844 ergo
704 1768 763 1832 &o
784 1771 933 1846 Maiorem

122 1849 225 1928 probat
235 1851 412 1912 Fortunatus
432 1851 551 1914 obiitin
576 1846 704 1910 adductis
715 1847 841 1922 pluribus
850 1851 932 1924 Chy-

122 1930 265 1994 micomrn
287 1928 496 1994 certaminibus
515 1925 629 2010 (Phys.
631 1946 697 2011 gen.
718 1943 794 2004 pr,
814 1926 932 2003 n-555)

122 2009 265 2074 minorem
284 2010 394 2089 etiam,
423 2029 492 2086 quaa
513 2027 612 2076 tannen
634 2023 716 2075 certa
735 2005 870 2085 videtur,
891 2005 932 2072 ibi

93 2099 97 2106 “
122 2109 222 2155 reram
243 2109 307 2155 esse
325 2088 455 2171 ostendit
474 2092 524 2169 (rt
535 2089 632 2168 564).

165 2178 214 2252 πᾳ
236 2171 277 2233 R.
297 2173 365 2235 Non
386 2192 444 2236 una
472 2176 586 2238 ratione
605 2190 688 2247 posse
709 2191 762 2234 nos
781 2167 934 2247 bemicis

125 2247 312 2314 sarislacere.
342 2252 441 2314 Primo
457 2253 558 2318 danius
578 2252 728 2328 bemicis
748 2271 767 2313 a
785 2248 935 2328 vegetabi-

124 2329 218 2406 libus,
239 2327 451 2396 &animalibus
471 2355 576 2398 eorum
592 2330 933 2406 elementaextrabipos·

124 2429 174 2484 se,
196 2429 254 2469 non
274 2426 413 2474 tamena
433 2413 577 2491 metallis,
597 2435 615 2477 a
634 2413 729 2489 vitro,
748 2408 931 2490 acrystallo,

58 2552 63 2576 Ι
109 2486 249 2562 aliisque
269 2483 415 2552 fossilibus
436 2491 581 2570 pluribus,
602 2493 685 2567 cujus
705 2491 747 2552 rei
769 2508 862 2554 testes
883 2495 934 2552 ha·

126 2567 229 2632 bemus
249 2564 410 2648 Boyleum,
431 2568 465 2634 dt
479 2570 702 2636 Helmontium.
721 2567 870 2644 Secundo,
890 2570 934 2630 in·

114 2647 185 2728 quit
206 2649 397 2713 Butrabavius
418 2650 573 2729 (irrElem.
595 2647 735 2715 chimirae
755 2649 855 2728 pr),
874 2663 926 2712 ets,

123 2729 158 2794 in
184 2729 317 2792 omnium
350 2749 505 2807 corporum
530 2731 673 2798 artificiali
703 2731 849 2796 solutione
877 2725 928 2791 ele

122 2825 225 2874 menta
251 2809 355 2873 istbaec
377 2809 523 2888 prodirent
543 2863 553 2894 ,
581 2835 639 2877 non
658 2813 725 2878 inde
742 2811 875 2892 sequitur
894 2805 935 2874 its'

124 2889 231 2954 mixtis
254 2907 290 2954 ea
318 2893 545 2967 praeextitisser
580 2907 648 2958 nam
679 2892 848 2959 adiiooibus·
862 2891 936 2968 illis,

123 2968 227 3065 quibus
247 2969 356 3034 solutio
376 2973 539 3056 peragitur,
560 2991 688 3050 possunt
698 2971 871 3053 corpuscula
889 2973 934 3035 ita

123 3051 221 3128 uniri,
245 3067 280 3114 ut
299 3050 585 3126 tbymicaolementa
605 3051 765 3118 efforment
782 3053 935 3119 :sicutiel

126 3129 206 3207 ligno
225 3130 377 3194 combusto
398 3131 493 3208 prodit
514 3131 651 3216 flamma,
671 3135 740 3212 quin
761 3151 937 3199 tameneam

123 3210 159 3274 5¹¹
179 3209 258 3286 1ῐὲηο
277 3210 471 3288 praestitisse
482 3209 625 3279 affirmare
644 3217 802 3292 possimus.
825 3212 938 3278 Tutior

126 3291 260 3365 tbymica
284 3287 432 3355 elementa
458 3292 563 3356 resolvi
592 3315 713 3370 possunt
742 3299 772 3359 in
791 3294 848 3359 alia
867 3291 937 3356 sim-

124 3369 260 3449 pliciora:
286 3370 328 3436 sic
346 3389 436 3450 caput
456 3384 624 3453 mortuum,
652 3373 731 3454 quod
749 3374 868 3441 emersit
897 3392 935 3434 ex

128 3447 213 3512 viridi
234 3469 292 3514 aere
310 3450 427 3532 soluto,
448 3449 478 3517 in
500 3473 621 3532 cuprum
637 3455 936 3534 convertitboyleus·

128 3527 464 3616 Tandemquotsalium,
492 3534 653 3618 sulphuris,
673 3537 729 3606 olei
737 3537 847 3619 species
855 3548 938 3608 sunt,

529 3619 553 3687 Β
573 3637 589 3698 3
832 3633 899 3698 que
